
@article{elklit2017kv13,
	title={KV13--Analyser af kommunalvalget 2013},
	author={Elklit, J{\o}rgen and Elmelund-Pr{\ae}stek{\ae}r, Christian and Kj{\ae}r, Ulrik},
	year={2017}
}

@online{oecd2016subnational,
	author = {OECD},
	title = {Subnational governments around the world},
	year = 2016,
	url = {https://www.oecd.org/regional/regional-policy/Subnational-Governments-Around-the-World-%20Part-I.pdf},
	urldate = {2017-10-16}
}

responsiveness

@article{einstein2016pushing,
	title={Pushing the city limits: Policy responsiveness in municipal government},
	author={Einstein, Katherine Levine and Kogan, Vladimir},
	journal={Urban Affairs Review},
	volume={52},
	number={1},
	pages={3--32},
	year={2016},
	publisher={SAGE Publications Sage CA: Los Angeles, CA}
}

@article{tausanovitch2014representation,
	title={Representation in municipal government},
	author={Tausanovitch, Chris and Warshaw, Christopher},
	journal={American Political Science Review},
	volume={108},
	number={3},
	pages={605--641},
	year={2014},
	publisher={Cambridge University Press}
}



@online{sances2017voters,
	title={When Voters Matter: The Growth and Limits of Local Government Responsiveness.},
	author={Michael Sances},
	year={2017},
	url = {http://umdrive.memphis.edu/msances/www/papers/polarization.pdf},
	urldate = {2017-10-16}
}

mayors matter for politics
pro:
@article{de2016mayoral,
	title={Mayoral partisanship and municipal fiscal policy},
	author={de Benedictis-Kessner, Justin and Warshaw, Christopher},
	journal={The Journal of Politics},
	volume={78},
	number={4},
	pages={1124--1138},
	year={2016},
	publisher={University of Chicago Press Chicago, IL}
}

@article{fiva2016power,
	title={The power of parties: Evidence from close municipal elections in Norway},
	author={Fiva, Jon H and Folke, Olle and S{\o}rensen, Rune J},
	journal={The Scandinavian Journal of Economics},
	year={2016},
	publisher={Wiley Online Library}
}

@article{folke2014shades,
	title={Shades of brown and green: party effects in proportional election systems},
	author={Folke, Olle},
	journal={Journal of the European Economic Association},
	volume={12},
	number={5},
	pages={1361--1395},
	year={2014},
	publisher={Oxford University Press}
}

@article{blom2006parties,
	title={Do parties matter for local revenue policies? A comparison of Denmark and Norway},
	author={Blom-Hansen, Jens and Monkerud, Lars Christian and S{\o}rensen, Rune},
	journal={European Journal of Political Research},
	volume={45},
	number={3},
	pages={445--465},
	year={2006},
	publisher={Wiley Online Library}
}

con:
@article{gerber2011mayors,
	title={When mayors matter: estimating the impact of mayoral partisanship on city policy},
	author={Gerber, Elisabeth R and Hopkins, Daniel J},
	journal={American Journal of Political Science},
	volume={55},
	number={2},
	pages={326--339},
	year={2011},
	publisher={Wiley Online Library}
}

@article{craw2010deciding,
	title={Deciding to provide: Local decisions on providing social welfare},
	author={Craw, Michael},
	journal={American Journal of Political Science},
	volume={54},
	number={4},
	pages={906--920},
	year={2010},
	publisher={Wiley Online Library}
}

@book{peterson1981city,
	title={City limits},
	author={Peterson, Paul E},
	year={1981},
	publisher={University of Chicago Press}
}


mayors are held accountable
@article{arnold2012holding,
	title={Holding mayors accountable: New York's executives from Koch to Bloomberg},
	author={Arnold, R Douglas and Carnes, Nicholas},
	journal={American Journal of Political Science},
	volume={56},
	number={4},
	pages={949--963},
	year={2012},
	publisher={Wiley Online Library}
}

@article{boudreau2015lost,
	title={Lost in Space? Information Shortcuts, Spatial Voting, and Local Government Representation},
	author={Boudreau, Cheryl and Elmendorf, Christopher S and MacKenzie, Scott A},
	journal={Political Research Quarterly},
	volume={68},
	number={4},
	pages={843--855},
	year={2015},
	publisher={SAGE Publications Sage CA: Los Angeles, CA}
}

@article{sances2017ideology,
	title={Ideology and Vote Choice in US Mayoral Elections: Evidence from Facebook Surveys},
	author={Sances, Michael W},
	journal={Political Behavior},
	pages={1--26},
	year={2017},
	publisher={Springer}
}

@article{burnett2017politics,
	title={The Politics of Potholes: Service Quality and Retrospective Voting in Local Elections},
	author={Burnett, Craig M and Kogan, Vladimir},
	journal={The Journal of Politics},
	volume={79},
	number={1},
	pages={302--314},
	year={2017},
	publisher={University of Chicago Press Chicago, IL}
}

@article{hopkins2017retrospective,
	title={Retrospective Voting in Big-City US Mayoral Elections},
	author={Hopkins, Daniel J and Pettingill, Lindsay M},
	journal={Political Science Research and Methods},
	pages={1--18},
	year={2017},
	publisher={Cambridge University Press}
}

danish muni:
@ARTICLE{serritzlew2008explaining,
	author = {Serritzlew, S{\o}ren and Skj{\ae}veland, Asbj{\o}rn and Blom-Hansen,
	Jens},
	title = {Explaining oversized coalitions: empirical evidence from local governments},
	journal = {The Journal of Legislative Studies},
	year = {2008},
	volume = {14},
	pages = {421--450},
	number = {4},
	publisher = {Taylor \& Francis}
}

@incollection{blom2013et,
	title={{\'E}t eller 98 kommunale valg i 2013?},
	author={Blom-Hansen, Jens and Elklit, J{\o}rgen and Kj{\ae}r, Ulrik},
	booktitle={Kv13. Analyser Af Kommunalvalget 2013},
	year={2017},
	editor={Ulrik Kjær and Jørgen Elklit and Christian Elmelund-Præstekær},
	publisher={Syddansk Universitetsforlag}
}


other:
@article{stimson1995dynamic,
	title={Dynamic representation},
	author={Stimson, James A and MacKuen, Michael B and Erikson, Robert S},
	journal={American Political Science Review},
	volume={89},
	number={3},
	pages={543--565},
	year={1995},
	publisher={Cambridge University Press}
}

@phdthesis{hansen2017social,
	title={Social Influence, Voter Turnout and Mobilization},
	author={Hansen, Jonas Hedegaard},
	year={2017},
	school={Department of Political Science, University of Copenhagen}
}


@book{berry2009imperfect,
	title={Imperfect Union: Representation and taxation in multilevel governments},
	author={Berry, Christopher R},
	year={2009},
	publisher={Cambridge University Press}
}

@book{ingvartsen1991kommunalreformen,
	title={Kommunalreformen i Danmark: Nye kommunale opgaver, planl{\ae}gning og styring efter 1970},
	author={Ingvartsen, Oluf},
	year={1991},
	publisher={Forl. Kommuneinformation}
}

@article{lewis2011size,
	title={Size and local democracy: Scale effects in city politics},
	author={Lewis, Paul G},
	journal={PS: Political Science \& Politics},
	volume={44},
	number={1},
	pages={107--109},
	year={2011},
	publisher={Cambridge University Press}
}

@book{christiansen2008utaenkelige,
	title={Den ut{\ae}nkelige reform. Strukturreformens tilblivelse 2002-2005},
	author={Christiansen, Peter Munk and Klitgaard, Michael Baggesen},
	year={2008},
	publisher={Syddansk Universitetsforlag}
}

@article{kjaer2015urban,
	title={Urban political leadership and political representation: the multifaceted representational role of Danish mayors},
	author={Kjaer, Ulrik},
	journal={Urban Affairs Review},
	volume={51},
	number={4},
	pages={563--577},
	year={2015},
	publisher={SAGE Publications Sage CA: Los Angeles, CA}
}

@article{ansolabehere2015beyond,
	title={Beyond the Core and Periphery: A New Look at Voter Participation Across Elections},
	author={Ansolabehere, Stephen and Schaffner, Brian},
	year={2015}
}

@article{snyder2010press,
	title={Press coverage and political accountability},
	author={Snyder Jr, James M and Str{\"o}mberg, David},
	journal={Journal of political Economy},
	volume={118},
	number={2},
	pages={355--408},
	year={2010},
	publisher={The University of Chicago Press}
}